
@book{BookRef,
    author       = "A.H-S. Ang and W.H. Tang and S. Ross",
    title        = "Probability Concepts in Engineering",
    year         = "2007",
    publisher    = "John Wiley \& Sons",
    address      = "New Jersey"
}

@article{ArticleRef,
  author         = "Maiers, J. and Y.S. Sherif",
  title          = "Application of Fuzzy Set Theory",
  journal        = "IEEE Transactions on Systems, Man, and Cybernatics",
  volume         = "15",
  number         = "1",
  pages          = "41--48",
  year           = "1985"
}

@inproceedings{ConferenceRef,
  author         = "Brown, D. and D. Clair",
  title          = "Integrated R-transportation",
  booktitle      = {{14th International Conference of Transportation Logistics}},
  year           = "2008",
  address         = "Istanbul, Turkey"
}

@mastersthesis{ThesisRef,
    author       = "İşgüder, E.",
    title        = "Human Computer Interaction in the 21st Century",
    school       = "Boğaziçi University",
    year         = "2015"
}

@misc{WebRef,
    author       = "Sarp, B.",
    title        = "Observations",
    url          = "http://sarp.com.tr/obs.html",
    note         = "accessed on November 21, 2015.",
    howpublished = "2013" 
}
% You can use howpublished for Website Creation Year

@misc{PatentRef,
    author       = "W. Shatner and L. a. Christel and D. A. Borkholder and S. J. Young",
    title        = "Apparatus for Analysis of a Nucleic Acid Amplification Reaction",
    url          = "https://www.google.com/patents/US6942971",
    howpublished = "U.S. Patent 6942971 B2, 13 September 2005",
    note         = "accessed on December 12, 2017"
}
 % You can use howpublished for Patent ID and Patent Date

@misc{ManualRef,
    title        = "The MakerBot Replicator Desktop 3D Printer (Fifth Generation Model) User Manual",
    howpublished = "MakerBot Industries, Brooklyn, NY",
    year         = "2014"
}
 % You can use howpublished for Company Name and adress

@unpublished{PreprintRef,
    author      = "Nettelblad J. and C. Nettelblad",
    title        = "TannyFS: Opportunistically Maximizing I/O Throughput Exploiting the Transactional Nature of Batch-Mode Data Processing",
    note         = "arXiv:1612.06830 [cs], 2016"
}
 % You can use note for arxiv number and year 

